@inproceedings{Wendi:HICSS2000,
 author    = {Wendi Rabiner Heinzelman and Anantha Chandrakasan and Hari Balakrishnan},
 title     = {Energy-Efficient Communication Protocol for Wireless Microsensor Networks},
 booktitle = {Proceedings of the 33rd Hawaii International Conference on System Sciences},
 pages     = {3005--3014},
 year      = 2000,
 month     = jan
}

@Article{Yogen:ACMComm,
 author    = {Yogen Dalal and Robert Metcalfe},
 title     = {Reverse Path Forwarding of Broadcast Packets},
 journal   = {Communications of the ACM},
 volume    = {21},
 no        = {2},
 pages     = {1040--1048},
 year      = 1978,
 month     = dec
}

@Article{Hedetniemi:IEEENetwork,
 author    = {Sandra Hedetniemi and Stephan Hedetniemi and Arthur Liestman},
 title     = {A survey of gossiping and broadcasting in communication networks},
 journal   = {IEEE Networks},
 volume    = {18},
 no        = {4},
 pages     = {319--349},
 year      = 1988
}

@inproceedings{Yuvraj:ASPDAC2005,
 author    = {Yuvraj Agarwal and Curt Schurgets and Rajesh Gupta},
 title     = {Dynamic Power Management using On Demand Paging for Networked Embedded Systems},
 booktitle = {Proceedings of the 19th Asia and South Pacific Design Automation Conference 2005},
 pages     = {755--759},
 year      = 2005,
 month     = jan
}

@Misc{NS2,
  title =	 {The network simulator -- ns2},
  note =	 {available at \url{http://www.isi.edu/nsnam/ns/}}
}
